<record><leader>00000cas a22000007a 4500</leader><controlfield tag="001">16579055</controlfield><controlfield tag="008">870828d18uu1uuumsuwr ne      0    0eng d</controlfield><datafield ind1=" " ind2=" " tag="010"><subfield code="a">sn 87065658 </subfield></datafield><datafield ind1=" " ind2=" " tag="040"><subfield code="a">MJA</subfield><subfield code="b">eng</subfield><subfield code="c">MJA</subfield><subfield code="d">MSJ</subfield><subfield code="d">CRL</subfield><subfield code="d">OCL</subfield><subfield code="d">OCLCQ</subfield><subfield code="d">OCLCO</subfield></datafield><datafield ind1=" " ind2=" " tag="042"><subfield code="a">msc</subfield></datafield><datafield ind1=" " ind2=" " tag="043"><subfield code="a">n-us-ms</subfield></datafield><datafield ind1="0" ind2="4" tag="245"><subfield code="a">The Westville weekly news.</subfield></datafield><datafield ind1="1" ind2=" " tag="246"><subfield code="i">Title in publisher's box:</subfield><subfield code="a">News</subfield></datafield><datafield ind1=" " ind2=" " tag="260"><subfield code="a">Westville, Miss. :</subfield><subfield code="b">H.B. Funchess</subfield></datafield><datafield ind1=" " ind2=" " tag="300"><subfield code="a">v.</subfield></datafield><datafield ind1=" " ind2=" " tag="310"><subfield code="a">Weekly</subfield></datafield><datafield ind1=" " ind2=" " tag="530"><subfield code="a">Also issued on microfilm from UMI.</subfield></datafield><datafield ind1=" " ind2=" " tag="550"><subfield code="a">"Official organ of Simpson County and Farmers Alliance", &lt;Oct. 20, 1888-Dec. 19, 1889&gt;</subfield></datafield><datafield ind1=" " ind2=" " tag="588"><subfield code="a">Description based on: V. 16, no. 39 (Oct. 20, 1888).</subfield></datafield><datafield ind1=" " ind2=" " tag="588"><subfield code="a">Latest issue consulted: Vol. 22, no. 9 (Dec. 28, 1893).</subfield></datafield><datafield ind1=" " ind2="0" tag="651"><subfield code="a">Westville (Miss.)</subfield><subfield code="v">Newspapers.</subfield></datafield><datafield ind1=" " ind2="0" tag="651"><subfield code="a">Simpson County (Miss.)</subfield><subfield code="v">Newspapers.</subfield></datafield><datafield ind1="2" ind2=" " tag="710"><subfield code="a">Farmers Alliance (Simpson County, Miss.)</subfield></datafield><datafield ind1=" " ind2=" " tag="752"><subfield code="a">United States</subfield><subfield code="b">Mississippi</subfield><subfield code="c">Simpson</subfield><subfield code="d">Westville.</subfield></datafield><datafield ind1="0" ind2="0" tag="780"><subfield code="t">Westville news (Westville, Miss. : 1874)</subfield><subfield code="w">(DLC)sn 87065657</subfield><subfield code="w">(OCoLC)16578089</subfield></datafield><datafield ind1="0" ind2="0" tag="785"><subfield code="t">Westville news (Westville, Miss. : 1894)</subfield><subfield code="w">(DLC)sn 87065659</subfield><subfield code="w">(OCoLC)16578600</subfield></datafield></record>